@online{bhuyanWhatShortestPaper2015,
  type = {Forum post},
  title = {What Is the Shortest Paper in the History of Mathematics?},
  author = {Bhuyan, Kushal},
  date = {2015-11-20},
  url = {https://hsm.stackexchange.com/q/3099},
  urldate = {2023-06-06},
  organization = {{History of Science and Mathematics Stack Exchange}},
  file = {/Users/jcpaik/Zotero/storage/8CFM4GH4/what-is-the-shortest-paper-in-the-history-of-mathematics.html}
}

@article{chungEfficientPackingsUnit2020,
  title = {Efficient {{Packings}} of {{Unit Squares}} in a {{Large Square}}},
  author = {Chung, Fan and Graham, Ron},
  date = {2020-10},
  journaltitle = {Discrete \& Computational Geometry},
  shortjournal = {Discrete Comput Geom},
  volume = {64},
  number = {3},
  pages = {690--699},
  issn = {0179-5376, 1432-0444},
  doi = {10.1007/s00454-019-00088-9},
  url = {http://link.springer.com/10.1007/s00454-019-00088-9},
  urldate = {2023-06-06},
  abstract = {How efficiently can a large square of side length x be packed with non-overlapping unit squares? In this note, we show that the uncovered area W (x) can be made as small as√ O(x3/5). This improves an earlier estimate which showed that W (x) = O x (3+ 2)/7 log x .},
  langid = {english},
  file = {/Users/jcpaik/Zotero/storage/NS22VEG5/Chung and Graham - 2020 - Efficient Packings of Unit Squares in a Large Squa.pdf}
}

@misc{conway2005covering,
  title = {Covering a Triangle with Triangles},
  author = {Conway, John and Soifer, Alexander},
  date = {2005},
  volume = {112},
  number = {1},
  pages = {78--78},
  publisher = {{MATHEMATICAL ASSOC AMER 1529 18TH STREET NW, WASHINGTON, DC 20036 USA}}
}

@online{creinaldoShortestPaperEver2015,
  type = {Reddit Post},
  title = {The Shortest Paper Ever Published in a Serious Math Journal Explained},
  author = {{creinaldo}},
  date = {2015-11-24T18:48:37},
  url = {www.reddit.com/r/math/comments/3u408o/the_shortest_paper_ever_published_in_a_serious/},
  urldate = {2023-06-05},
  organization = {{r/math}},
  file = {/Users/jcpaik/Zotero/storage/QPRSVL9N/the_shortest_paper_ever_published_in_a_serious.html}
}

@online{hellon00bShortestKnownPaperPublished2015,
  type = {Reddit Post},
  title = {The {{Shortest-Known Paper Published}} in a {{Serious Math Journal}}: {{Two Succinct Sentences}}},
  shorttitle = {The {{Shortest-Known Paper Published}} in a {{Serious Math Journal}}},
  author = {{hellon00b}},
  date = {2015-04-13T21:14:17},
  url = {www.reddit.com/r/math/comments/32hj9c/the_shortestknown_paper_published_in_a_serious/},
  urldate = {2023-06-05},
  organization = {{r/math}},
  file = {/Users/jcpaik/Zotero/storage/4QIXHZDC/the_shortestknown_paper_published_in_a_serious.html}
}

@article{karabash2005covering,
  title = {On Covering of Trigons},
  author = {Karabash, D and Soifer, A},
  date = {2005},
  journaltitle = {Geombinatorics XV (1)},
  pages = {13--17}
}

@article{karabash2006sharp,
  title = {A Sharp Upper Bound for Cover-up Squares},
  author = {Karabash, D and Soifer, A},
  date = {2006},
  journaltitle = {Geombinatorics},
  volume = {16},
  pages = {219--226}
}

@article{karabash2008note,
  title = {Note on Covering a Square with Equal Squares},
  author = {Karabash, D and Soifer, A},
  date = {2008},
  journaltitle = {Geombinatorics},
  volume = {18},
  number = {1},
  pages = {13--17}
}

@online{ShortestKnownPaperPublished,
  title = {The {{Shortest-Known Paper Published}} in a {{Serious Math Journal}}: {{Two Succinct Sentences}} | {{Open Culture}}},
  shorttitle = {The {{Shortest-Known Paper Published}} in a {{Serious Math Journal}}},
  url = {https://www.openculture.com/2015/04/shortest-known-paper-in-a-serious-math-journal.html},
  urldate = {2023-06-05},
  abstract = {Euler's conjecture, a theory proposed by Leonhard Euler in 1769, hung in there for 200 years. Then L.J. Lander and T.R. Parkin came along in 1966, and debunked the conjecture in two swift sentences. Open Culture, openculture.com},
  langid = {american},
  file = {/Users/jcpaik/Zotero/storage/KGF2BXCC/shortest-known-paper-in-a-serious-math-journal.html}
}

@online{ShortestPapersEver,
  title = {The {{Shortest Papers Ever Published}}},
  url = {https://paperpile.com/blog/shortest-papers/},
  urldate = {2023-06-05},
  abstract = {A few of the most concise papers ever published.},
  langid = {english},
  organization = {{Paperpile}},
  file = {/Users/jcpaik/Zotero/storage/KMIC8FJR/shortest-papers.html}
}

@article{soifer2006covering,
  title = {Covering a Square of Side n+ {{ɛ}} with Unit Squares},
  author = {Soifer, Alexander},
  date = {2006},
  journaltitle = {Journal of Combinatorial Theory, Series A},
  volume = {113},
  number = {2},
  pages = {380--383},
  publisher = {{Elsevier}}
}

@article{soifer2009coffee,
  title = {Coffee Hour and the {{Conway}}–{{Soifer}} Cover-Up},
  author = {Soifer, Alexander},
  date = {2009},
  journaltitle = {How Does One Cut a Triangle?},
  pages = {147--156},
  publisher = {{Springer}}
}

@online{toddCanUnitRight2017,
  title = {Can \$n\^d + 1\$ Unit Right \$d\$-Simplices Cover a Right \$d\$-Simplex with Shortest Side \$n + \textbackslash epsilon\$?},
  author = {Todd, Michael J.},
  date = {2017-11-22},
  eprint = {1711.08497},
  eprinttype = {arxiv},
  eprintclass = {math},
  url = {http://arxiv.org/abs/1711.08497},
  urldate = {2023-05-21},
  abstract = {In a famous short paper, Conway and Soifer show that \$n\^2 + 2\$ equilateral triangles with edge length 1 can cover one with side \$n + \textbackslash epsilon\$. We provide a generalization to \$d\$ dimensions.},
  pubstate = {preprint},
  keywords = {05B40 52C17,Mathematics - Combinatorics},
  file = {/Users/jcpaik/Zotero/storage/8KV635FY/Todd - 2017 - Can $n^d + 1$ unit right $d$-simplices cover a rig.pdf;/Users/jcpaik/Zotero/storage/FVE73KKI/1711.html}
}

@unpublished{wang2016new,
  title = {A New Result on Packing Unit Squares into a Large Square},
  author = {Wang, Shuang and Dong, Tian and Li, Jiamin},
  date = {2016},
  eprint = {1603.02368},
  eprinttype = {arxiv}
}

@online{
  youtube,
        title = {Some cool motion sensor stuff},
        date = {2015},
        organization = {Youtube},
        author = {Peter Zatko and  Ivan Poupyrev and  Rachid El
        Guerrab and  Regina Dugan},
        url = {https://www.youtube.com/watch?v=mpbWQbkl8_g#t=20m15s},
}

@article{chung2009packing,
  title={Packing equal squares into a large square},
  author={Chung, Fan and Graham, Ron},
  journal={Journal of Combinatorial Theory, Series A},
  volume={116},
  number={6},
  pages={1167--1175},
  year={2009},
  publisher={Elsevier}
}
